<?xml version="1.0" encoding="UTF-8"?><collection xmlns="http://www.loc.gov/MARC21/slim"><record><leader>00551nam--2200193-i-4500</leader><controlfield tag="001">000040776</controlfield><controlfield tag="002">20161230</controlfield><controlfield tag="005">20161230201042</controlfield><controlfield tag="008">060222s1000------------r-----000-0-eng-d</controlfield><datafield ind1=" " ind2=" " tag="040"><subfield code="a">IFIN-HH</subfield></datafield><datafield ind1=" " ind2=" " tag="080"><subfield code="a">53</subfield></datafield><datafield ind1="1" ind2=" " tag="100"><subfield code="a">Schilpp, Paul Arthur</subfield></datafield><datafield ind1="1" ind2="0" tag="245"><subfield code="a">Albert einstein: philosopher-scientist</subfield><subfield code="c">Paul arthur schilpp (ed.)</subfield></datafield><datafield ind1=" " ind2=" " tag="250"><subfield code="a">Second Edition</subfield></datafield><datafield ind1=" " ind2=" " tag="260"><subfield code="a">New York</subfield><subfield code="b">Tudor Publishing Company</subfield><subfield code="c">1951</subfield></datafield><datafield ind1=" " ind2=" " tag="300"><subfield code="a">XVI + 781P.+1F.PL</subfield></datafield><datafield ind1=" " ind2=" " tag="490"><subfield code="a">The Library Of Living Philosophers</subfield></datafield><datafield ind1=" " ind2=" " tag="852"><subfield code="a">12047</subfield><subfield code="c">53.01</subfield></datafield><datafield ind1=" " ind2=" " tag="CAT"><subfield code="a">Sys</subfield><subfield code="c">20151012</subfield><subfield code="h">133617</subfield></datafield></record></collection>